<record><leader>00000cas a22000007a 4500</leader><controlfield tag="001">11610532</controlfield><controlfield tag="008">850123d185u1880mduwr ne      0    0eng d</controlfield><datafield ind1=" " ind2=" " tag="010"><subfield code="a">sn 85025238 </subfield></datafield><datafield ind1=" " ind2=" " tag="040"><subfield code="a">NPX</subfield><subfield code="b">eng</subfield><subfield code="c">NPX</subfield><subfield code="d">NPV</subfield><subfield code="d">MFN</subfield><subfield code="d">OCLCQ</subfield></datafield><datafield ind1=" " ind2=" " tag="042"><subfield code="a">msc</subfield></datafield><datafield ind1="0" ind2="4" tag="245"><subfield code="a">The Boonsboro odd fellow.</subfield></datafield><datafield ind1="1" ind2="3" tag="246"><subfield code="a">Odd fellow</subfield></datafield><datafield ind1=" " ind2=" " tag="260"><subfield code="a">Boonsboro, Washington County, Md. :</subfield><subfield code="b">Josiah Knodle</subfield></datafield><datafield ind1=" " ind2=" " tag="300"><subfield code="a">v.</subfield></datafield><datafield ind1=" " ind2=" " tag="310"><subfield code="a">Weekly</subfield></datafield><datafield ind1="0" ind2=" " tag="362"><subfield code="a">-v. 38, no. 46 (July 29, 1880).</subfield></datafield><datafield ind1=" " ind2=" " tag="588"><subfield code="a">Description based on: Vol. 17, no. 45 (Nov. 18, 1858).</subfield></datafield><datafield ind1=" " ind2=" " tag="752"><subfield code="a">United States</subfield><subfield code="b">Maryland</subfield><subfield code="c">Washington</subfield><subfield code="d">Boonsboro.</subfield></datafield><datafield ind1="0" ind2="0" tag="780"><subfield code="t">Odd fellow (Boonsboro, Md.)</subfield><subfield code="w">(DLC)sn 88086120</subfield></datafield><datafield ind1="0" ind2="0" tag="785"><subfield code="t">Odd fellow (Hagerstown, Md.)</subfield><subfield code="w">(DLC)sn 90057014</subfield></datafield><datafield ind1="1" ind2=" " tag="029"><subfield code="a">AU@</subfield><subfield code="b">000025818398</subfield></datafield></record>